

@online{MinMaxConnect4_2,
  author  = {Jonathan C.T., Kuo},
  year    = {2020},
  month   = {10},
  day     = {4},
  title   = {Minimax Game Theory for Connect 4},
  urldate = {2022-06-06},
  url     = {https://medium.com/analytics-vidhya/artificial-intelligence-at-play-connect-four-minimax-algorithm-explained-3b5fc32e4a4f}
}

@online{MinMaxConnect4,
  author  = {Hussain, Ebad},
  year    = {2020},
  month   = {1},
  day     = {8},
  title   = {Minimax Game Theory for Connect 4},
  urldate = {2022-06-06},
  url     = {https://www.academia.edu/41561708/Minimax_with_alpha_beta_pruning_connect_4_game_}
}

@online{introduction,
  author  = {Michael, Breckner},
  year    = {2020},
  month   = {8},
  day     = {3},
  title   = {Introduction to Minimax Game Theory},
  urldate = {2022-05-30},
  url     = {https://www.cosy.sbg.ac.at/~held/teaching/wiss_arbeiten/slides_19-20/KI_in_Videospielen.pdf}
}



@online{4connect_rules2,
  author  = {Victor Allis},
  year    = {1988},
  month   = {10},
  day     = {},
  title   = {Connect 4 Rules of the game},
  urldate = {2022-06-30},
  url     = {http://www.informatik.uni-trier.de/~fernau/DSL0607/Masterthesis-Viergewinnt.pdf}
}

@online{4connect_rules,
  author  = {Howard Wexler, Ned Strongin},
  year    = {2020},
  month   = {8},
  day     = {3},
  title   = {Connect 4 Rules of the game},
  urldate = {2022-05-30},
  url     = {https://www.spielregeln-spielanleitungen.de/spiel/vier-gewinnt/}
}

@article{simon2006game,
  title     = {A game theory approach to constrained minimax state estimation},
  author    = {Simon, Dan},
  journal   = {IEEE Transactions on Signal Processing},
  volume    = {54},
  number    = {2},
  pages     = {405--412},
  year      = {2006},
  publisher = {IEEE},
  url       = {https://engagedscholarship.csuohio.edu/cgi/viewcontent.cgi?article=1007&context=enece_facpub}
}

@book{du1995minimax,
  title     = {Minimax and applications},
  author    = {Du, Ding-Zhu and Pardalos, Panos M},
  volume    = {4},
  year      = {1995},
  publisher = {Springer Science \& Business Media}
}

@article{walker2001minimax,
  title   = {Minimax play at Wimbledon},
  author  = {Walker, Mark and Wooders, John},
  journal = {American Economic Review},
  volume  = {91},
  number  = {5},
  pages   = {1521--1538},
  year    = {2001},
  url     = {https://citeseerx.ist.psu.edu/viewdoc/download?doi=10.1.1.614.5372&rep=rep1&type=pdf}
}


@online{TicTacToe_Understanding_the_Minimax_Algorithm,
  title   = {Tic Tac Toe: Understanding the Minimax Algorithm},
  url     = {https://www.neverstopbuilding.com/blog/minimax},
  year    = {2013},
  urldate = {2022-05-28}
}

@article{branislav2016algorithms,
  title     = {Algorithms for computing strategies in two-player simultaneous move games},
  author    = {Branislav Bošanský and Viliam Lisý,Marc Lanctot and Jirí Čermák and Mark H.M. Winands},
  journal   = {ScienceDirect},
  volume    = {237},
  pages     = {1--40},
  year      = {2016},
  publisher = {Elsevier},
  url       = { https://reader.elsevier.com/reader/sd/pii/S0004370216300285}
}

@article{judea1982solutionForBranching,
  title     = {The solution for the branching factor of the alpha-beta pruning algorithm and its optimality},
  author    = {Judea Pearl},
  journal   = {Communications of the ACM},
  volume    = {25},
  number    = {8},
  pages     = {559--564},
  year      = {1982},
  publisher = {Association for Computing Machinery},
  url       = {https://dl.acm.org/doi/pdf/10.1145/358589.358616}
}


@article{jonathan1989historyHeuristic,
  title     = {The History Heuristic and Alpha-Beta Search Enhancements in Practice},
  author    = {Jonathan Schaeffer},
  journal   = {IEEE Transactions on Pattern Analysis and Machine Intelligence},
  volume    = {11},
  number    = {11},
  pages     = {1203--1212},
  year      = {1989},
  publisher = {IEEE}
}



@article{spyridon2010uctAgentTron,
  title     = {A UCT agent for Tron: Initial investigations},
  author    = {Spyridon Samothrakis and David Robles and Simon M. Lucas},
  journal   = {IEEE Symposium on Computational Intelligence and Games, CIG},
  volume    = {},
  number    = {},
  pages     = {365--371},
  year      = {2010},
  publisher = {IEEE}
}

% article{spyridon2005sampling-approximation,
%   title     = {Sampling-based Approximation Algorithms for Multi-stage Stochastic Optimization},
%   author    = {Chaitanya Swamy and David B. Shmoys},
%   journal   = {46th Annual IEEE Symposium on Foundations of Computer Science (FOCS'05)},
%   volume    = {},
%   number    = {},
%   pages     = {357--366},
%   year      = {2005},
%   publisher = {IEEE},
% }

@inproceedings{spyridon2005sampling-approximation,
  title        = {Sampling-based approximation algorithms for multi-stage stochastic optimization},
  author       = {Swamy, Chaitanya and Shmoys, David B},
  booktitle    = {46th Annual IEEE Symposium on Foundations of Computer Science (FOCS'05)},
  pages        = {357--366},
  year         = {2005},
  organization = {IEEE},
  url          = {https://www.math.uwaterloo.ca/~cswamy/papers/multistagefnl.pdf}
}

@article{bowling2015hold'em_poker,
  title     = {Heads-up limit hold'em poker is solved},
  author    = {M. Bowling and N. Burch and M. Johanson and O. Tammelin},
  journal   = {Science},
  volume    = {347},
  number    = {6218},
  pages     = {145--149},
  year      = {2015},
  publisher = {},
  url       = {https://www.science.org/doi/10.1126/science.1259433}
}

@article{nasa2018alpha,
  title     = {Alpha-Beta Pruning in Mini-Max Algorithm - An Optimized Approach
               for a Connect-4 Game},
  author    = {Nasa, Rijul and Didwania, Rishabh and Maji, Shubhranil and Kumar, Vipul},
  journal   = {International Research Journal of Engineering and Technology},
  volume    = {05},
  number    = {04},
  pages     = {1637--1641},
  year      = {2018},
  publisher = {IRJET},
  url       = {https://www.science.org/doi/10.1126/science.1259433}
}

