@article{simon2006game,
  title     = {A game theory approach to constrained minimax state estimation},
  author    = {Simon, Dan},
  journal   = {IEEE Transactions on Signal Processing},
  volume    = {54},
  number    = {2},
  pages     = {405--412},
  year      = {2006},
  publisher = {IEEE},
  url       = { https://engagedscholarship.csuohio.edu/cgi/viewcontent.cgi?article=1007&context=enece_facpub}
}

@book{du1995minimax,
  title     = {Minimax and applications},
  author    = {Du, Ding-Zhu and Pardalos, Panos M},
  volume    = {4},
  year      = {1995},
  publisher = {Springer Science \& Business Media}
}

@article{walker2001minimax,
  title   = {Minimax play at Wimbledon},
  author  = {Walker, Mark and Wooders, John},
  journal = {American Economic Review},
  volume  = {91},
  number  = {5},
  pages   = {1521--1538},
  year    = {2001},
  url     = { https://citeseerx.ist.psu.edu/viewdoc/download?doi=10.1.1.614.5372&rep=rep1&type=pdf}
}


@online{TicTacToe_Understanding_the_Minimax_Algorithm,
  title   = {Tic Tac Toe: Understanding the Minimax Algorithm},
  url     = { https://www.neverstopbuilding.com/blog/minimax},
  year    = {2013},
  urldate = {2022-05-28}
}